@article{ArslanHansen1996,
    author    = {L. M. Arslan and J. H. L. Hansen},
    title     = "{Language accent classification in American English}",
    journal   = "{Speech Communication}",
    volume    = {18},
    number    = {1},
    pages     = {353--367},
    year      = 1996
}
